<?xml version="1.0" encoding="UTF-8"?><collection><record><leader>08441ntm a2200745 a 4500</leader><controlfield tag="001">006769628</controlfield><controlfield tag="003">MiAaHDL</controlfield><controlfield tag="005">20190719000000.0</controlfield><controlfield tag="006">m        d        </controlfield><controlfield tag="007">cr bn ---auaua</controlfield><controlfield tag="008">090507s1665    tu            00| ||ara d</controlfield><datafield tag="035" ind1=" " ind2=" "><subfield code="a">(MiU)006769628</subfield></datafield><datafield tag="035" ind1=" " ind2=" "><subfield code="a">sdr-miu006769628</subfield></datafield><datafield tag="040" ind1=" " ind2=" "><subfield code="a">MiU</subfield><subfield code="c">MiU</subfield><subfield code="e">amremm</subfield></datafield><datafield tag="043" ind1=" " ind2=" "><subfield code="a">n-us-mi</subfield></datafield><datafield tag="100" ind1="1" ind2=" "><subfield code="6">880-01</subfield><subfield code="a">Khiṭāʼī, ʻUthmān,</subfield><subfield code="d">active 15th century.</subfield></datafield><datafield tag="245" ind1="1" ind2="0"><subfield code="6">880-03</subfield><subfield code="a">[Ḥāshiyat al-Khiṭāʼī ʻalá al-Mukhtaṣar ... etc.,</subfield><subfield code="f">1076, i.e. 1665].</subfield></datafield><datafield tag="246" ind1="3" ind2=" "><subfield code="i">From inscription on 'title page' (p.11):</subfield><subfield code="a">حاشيۀ خطائى على المختصر</subfield></datafield><datafield tag="260" ind1=" " ind2=" "><subfield code="a">[Istanbul,</subfield><subfield code="c">1665]</subfield></datafield><datafield tag="300" ind1=" " ind2=" "><subfield code="a">170 leaves :</subfield><subfield code="b">paper ;</subfield><subfield code="c">202 x 136 (149 x 71-87) mm.</subfield></datafield><datafield tag="500" ind1=" " ind2=" "><subfield code="a">Shelfmark: Ann Arbor, University of Michigan, Special Collections Library, Isl. Ms. 148</subfield></datafield><datafield tag="500" ind1=" " ind2=" "><subfield code="a">Origin: As appears in colophons on p.99 and p.209, and in 'title page' inscriptions on p.11, p.103, and p.219, copied by al-Sayyid al-Shaykh Aḥmad ibn Muḥammad ibn Muṣṭafá al-Izmīrī. As appears in colophon on p.99, transcription of Ḥāshiyat al-Khiṭāʼī completed in Istanbul (Qusṭanṭīnīyah) 22 Jumādá I 1076 [ca. 30 November 1665]. As appears in colophon on p.209, transcription of Ḥāshiyat ʻAbd Allāh al-Yazdī ʻalá al-Khiṭāʼī, completed in Istanbul (bi-Dār al-Salṭanah al-ʻāliyah) 25 Muḥarram 1076 [ca. 8 August 1665].</subfield></datafield><datafield tag="500" ind1=" " ind2=" "><subfield code="a">Former shelfmark: British Museum, London "No. 13. Glosses on al-Khatai on the Mukhtasar &amp; of Mirza Jan on the former ." ; on tailedge of textblock "٤۱۷".</subfield></datafield><datafield tag="500" ind1=" " ind2=" "><subfield code="a">Binding: Pasteboards (semi-limp) covered in marbled paper (red, yellow, blue) with dark brown leather over spine and edges/turn-ins ; Type III binding (without flap) ; board linings in yellow-tinted paper ; sewn in brownish pink thread, two stations ; only traces of endbands remain ; overall in poor condition with abrasion, staining, some lifting of paper and leather, moisture damage, upper cover detaching at spine, label affixed to upper cover, etc. repairs to spine in tan leather.</subfield></datafield><datafield tag="500" ind1=" " ind2=" "><subfield code="a">Support: European laid paper mainly with 10 laid lines per cm. (vertical), chain lines spaced 28 mm. apart, and paschal lamb in four-lobed circle watermark (see p.34, 38, 208, 214, 336, etc.) with 'G A' or 'G M' below trefoil countermark (see p.326, 332, etc. and compare Piccard No. 86801) ; a few leaves at opening in laid paper with crown-star-crescent watermark (see p.16 etc.) and 'G T' below trefoil countermark (see p.18, 22, 46, etc.) ; other opening and closing leaves in still a different laid paper with three fleurs-de-lis and fleur-de-lis above scrollwork watermarks ; all well-sized and burnished.</subfield></datafield><datafield tag="500" ind1=" " ind2=" "><subfield code="a">Decoration: Keywords and abbreviations symbols rubricated.</subfield></datafield><datafield tag="500" ind1=" " ind2=" "><subfield code="a">Script: Naskh-nastaʻlīq (talik) ; virtually serifless ; mainly closed counters ; effect of tilt to the right and of words descending to baseline (occasionally more exaggerated) ; final nūn reversed (re-curved) ; kāf mashkūlah (mashqūqah) preferred.</subfield></datafield><datafield tag="500" ind1=" " ind2=" "><subfield code="a">Layout: Written in 21 and 23 lines per page ; frame-ruled.</subfield></datafield><datafield tag="500" ind1=" " ind2=" "><subfield code="a">Collation: III+1 (7), 4 V(47), III (53), 5 V(103), IV (111), 5 V(161), IV+1 (170) ; chiefly quinions ; opening quire left mainly blank ; several leaves between each work left blank ; final three quires left blank (incomplete) ; catchwords present ; pagination in pencil, Western numerals, supplied during digitization (skips first two leaves).</subfield></datafield><datafield tag="500" ind1=" " ind2=" "><subfield code="a">Explicit: "ولو سلم ان لها جزءا بناء على كونها مركبة من القدرة على هذا التعبير"</subfield></datafield><datafield tag="500" ind1=" " ind2=" "><subfield code="a">Incipit: "نحمدك اللهم على ما اعطتنا من سوابغ النعم وبوالغ الحكم ونصلي على نبيك الهادي للعرب والعجم على وجه اكمل واتم قوله ..."</subfield></datafield><datafield tag="500" ind1=" " ind2=" "><subfield code="a">Title supplied by cataloguer from inscription on 'title page' (p.11).</subfield></datafield><datafield tag="500" ind1=" " ind2=" "><subfield code="a">Ms. codex.</subfield></datafield><datafield tag="505" ind1="0" ind2=" "><subfield code="a">10. p.271-p.336 : [blank].</subfield></datafield><datafield tag="505" ind1="0" ind2=" "><subfield code="a">9. p.220-p.270 : Ḥāshiyat Mīrzā Jān ʻalá al-Ḥāshiyah al-Khiṭāʼīyah ʻalá al-Mukhtaṣar / Ḥabīb Allāh Mīrzā Jān al-Shīrāzī.</subfield></datafield><datafield tag="505" ind1="0" ind2=" "><subfield code="a">8. p.210-p.219 : [blank].</subfield></datafield><datafield tag="505" ind1="0" ind2=" "><subfield code="a">7. p.104-p.209 : Ḥāshiyat ʻAbd Allāh al-Yazdī ʻalá Ḥāshiyat al-Mukhtaṣar lil-Khiṭāʼī / ʻAbd Allāh ibn al-Ḥusayn al-Yazdī.</subfield></datafield><datafield tag="505" ind1="0" ind2=" "><subfield code="a">6. p.100-p.103 : [blank].</subfield></datafield><datafield tag="505" ind1="0" ind2=" "><subfield code="a">5. p.12-p.99 : Ḥāshiyat al-Khiṭāʼī ʻalá al-Mukhtaṣar / ʻUthmān al-Khiṭāʼī Mawlānāzādah.</subfield></datafield><datafield tag="505" ind1="0" ind2=" "><subfield code="a">4. p.11 : ['title page' for opening work with contents listing, excerpts, and ownership statements].</subfield></datafield><datafield tag="505" ind1="0" ind2=" "><subfield code="a">3. p.2-p.10 : [blank].</subfield></datafield><datafield tag="505" ind1="0" ind2=" "><subfield code="a">2. p.1 : [excerpt from Murūj al-dhahab of al-Masʻūdī].</subfield></datafield><datafield tag="505" ind1="0" ind2=" "><subfield code="a">1. p.[]-p.[] : [blank].</subfield></datafield><datafield tag="510" ind1="4" ind2=" "><subfield code="a">Brockelmann, C. GAL,</subfield><subfield code="c">I, 295</subfield></datafield><datafield tag="520" ind1="8" ind2=" "><subfield code="a">Clear (though incomplete, ending abruptly) copy of a collection of glosses on the Mukhtaṣar or shorter commentary by Masʻūd ibn ʻUmar al-Taftazānī on Talkhīṣ al-Miftāḥ by Jalāl al-Dīn al-Qazwīnī (d.1338), itself an abridgment of part 3 of Miftāḥ al-ʻulūm by al-Sakkākī (d.1229), on rhetoric (al-maʻānī wa-al-bayān). Opens with al-Khiṭāʼī's glosses, followed by the superglosses of ʻAbd Allāh ibn al-Ḥusayn al-Yazdī (d.1606 or 7) and Mīrzā Jān (d. 1586?) upon al-Khiṭāʼī's glosses.</subfield></datafield><datafield tag="538" ind1=" " ind2=" "><subfield code="a">Mode of access: Internet.</subfield></datafield><datafield tag="541" ind1=" " ind2=" "><subfield code="c">Purchase ;</subfield><subfield code="a">Acquired by purchase (funds donated by Horace Rackham).</subfield><subfield code="d">1924.</subfield></datafield><datafield tag="546" ind1=" " ind2=" "><subfield code="a">Arabic.</subfield></datafield><datafield tag="561" ind1=" " ind2=" "><subfield code="a">Bookplate of British Museum, London on upper cover, "British Museum, London. No. 13. Glosses on al-Khatai on the Mukhtasar &amp; of Mirza Jan on the former." ; circular seal impression with figure of goat/gazelle in purple ink as well as inscription "176" in Western numerals on first of added leaves (or front flyleaf?) ; ownership statements on 'title page' (p.11) include statement "تشرف بتملكه العبد الفقير اليه سبحانه السيد ابراهيم مدرس بمدرسة ابي الفضل عفي عنه وغفر له" and statement "قد انتقل نوبة التصرف وانا الفقير الى بر ربه القدير اسماعيل بن علي غفر لهما الباري" accompanied by oval seal impression "عبده اسمعيل" ; circular waqf-seal impression in black ink also appears on ’title page’ (p.11) and several places throughout, reads: "هذا وقف الراجي فيض الصمدي الشيخ احمد ضيا الدين ابن مصطفى الخالدي فمن بدله بعد ما سمعه فانما اثمه على الذين يبدلونه" in name of Aḥmad Ḍiyāʼ al-Dīn ibn Muṣṭafá al-Khālidī (i.e. Ahmed Ziyâüddîn Gümüşhanevî, d. 1893 or 4) ; extensive marginal glosses ; occasional notabilia (sideheads) and marginal corrections.</subfield></datafield><datafield tag="600" ind1="1" ind2="0"><subfield code="a">Taftāzānī, Masʻūd ibn ʻUmar,</subfield><subfield code="d">1322-1389?</subfield><subfield code="t">Mukhtaṣar al-maʻānī.</subfield></datafield><datafield tag="650" ind1=" " ind2="0"><subfield code="a">Manuscripts, Arabic</subfield><subfield code="z">Michigan</subfield><subfield code="z">Ann Arbor.</subfield></datafield><datafield tag="650" ind1=" " ind2="0"><subfield code="a">Arabic language</subfield><subfield code="x">Rhetoric</subfield><subfield code="v">Early works to 1800.</subfield></datafield><datafield tag="700" ind1="0" ind2=" "><subfield code="6">880-07</subfield><subfield code="a">Aḥmad ibn Muḥammad al-Izmīrī,</subfield><subfield code="d">flourished 1665,</subfield><subfield code="e">scribe.</subfield></datafield><datafield tag="700" ind1="1" ind2="2"><subfield code="6">880-05</subfield><subfield code="a">Mīrzā Jān, Ḥabīb Allāh,</subfield><subfield code="d">-1586?</subfield><subfield code="t">Ḥāshiyat Mīrzā Jān ʻalá al-Khiṭāʼī.</subfield></datafield><datafield tag="700" ind1="1" ind2="2"><subfield code="6">880-04</subfield><subfield code="a">Yazdī, ʻAbd Allāh ibn al-Ḥusayn,</subfield><subfield code="d">-1606 or 1607.</subfield><subfield code="t">Ḥāshiyat ʻAbd Allāh al-Yazdī ʻalá al-Khiṭāʼī.</subfield></datafield><datafield tag="740" ind1="0" ind2="2"><subfield code="6">880-09</subfield><subfield code="a">Ḥāshiyat Mīrzā Jān ʻalá al-Ḥāshiyah al-Khiṭāʼīyah ʻalá al-Mukhtaṣar</subfield></datafield><datafield tag="740" ind1="0" ind2="2"><subfield code="6">880-08</subfield><subfield code="a">Ḥāshiyat ʻAbd Allāh al-Yazdī ʻalá Ḥāshiyat al-Mukhtaṣar lil-Khiṭāʼī</subfield></datafield><datafield tag="773" ind1="0" ind2=" "><subfield code="a">Tiflis Collection.</subfield></datafield><datafield tag="880" ind1="0" ind2="2"><subfield code="6">740-09/</subfield><subfield code="a">حاشية ميرزا جان على الحاشية الخطائية على المختصر</subfield></datafield><datafield tag="880" ind1="0" ind2="2"><subfield code="6">740-08/</subfield><subfield code="a">حاشية عبد الله اليزدي على حاشية المختصر للخطائي</subfield></datafield><datafield tag="880" ind1="0" ind2=" "><subfield code="6">700-07/</subfield><subfield code="a">احمد بن محمد الازميري،</subfield><subfield code="e">ناسخ.</subfield></datafield><datafield tag="880" ind1="1" ind2="2"><subfield code="6">700-05/</subfield><subfield code="a">ميرزا جان، حبيب الله.</subfield><subfield code="t">حاشية ميرزا جان على الخطائي.</subfield></datafield><datafield tag="880" ind1="1" ind2="2"><subfield code="6">700-04/</subfield><subfield code="a">يزدي، عبد الله بن الحسين.</subfield><subfield code="t">حاشية على الخطائي.</subfield></datafield><datafield tag="880" ind1="1" ind2="0"><subfield code="6">245-03/</subfield><subfield code="a">[حاشية الخطائي على المختصر ... الخ,</subfield><subfield code="f">1076ه، 1665م].</subfield></datafield><datafield tag="880" ind1="1" ind2=" "><subfield code="6">100-01/</subfield><subfield code="a">خطائي، عثمان.</subfield></datafield><datafield tag="CID" ind1=" " ind2=" "><subfield code="a">006769628</subfield></datafield><datafield tag="DAT" ind1="0" ind2=" "><subfield code="a">20190719102635.0</subfield><subfield code="b">20190719000000.0</subfield></datafield><datafield tag="DAT" ind1="1" ind2=" "><subfield code="a">20190719090653.0</subfield><subfield code="b">2019-07-19T16:11:19Z</subfield></datafield><datafield tag="DAT" ind1="2" ind2=" "><subfield code="a">2015-10-02T18:00:03Z</subfield></datafield><datafield tag="CAT" ind1=" " ind2=" "><subfield code="a">SDR-MIU</subfield><subfield code="d">EX LIBRIS - ALEPH</subfield><subfield code="l">prepare.pl-004-008</subfield></datafield><datafield tag="FMT" ind1=" " ind2=" "><subfield code="a">BK</subfield></datafield><datafield tag="HOL" ind1=" " ind2=" "><subfield code="0">sdr-miu006769628</subfield><subfield code="a">MiU</subfield><subfield code="b">SDR</subfield><subfield code="c">MIU</subfield><subfield code="p">mdp.39015079125939</subfield><subfield code="s">MIU</subfield><subfield code="1">006769628</subfield></datafield><datafield tag="974" ind1=" " ind2=" "><subfield code="b">MIU</subfield><subfield code="c">MIU</subfield><subfield code="d">20190719</subfield><subfield code="s">lit-dlps-dc</subfield><subfield code="u">mdp.39015079125939</subfield><subfield code="y">1665</subfield><subfield code="r">pd</subfield><subfield code="q">bib</subfield><subfield code="t">non-US bib date1 &lt; 1896</subfield></datafield></record></collection>